<?xml version="1.0" encoding="UTF-8"?>
<collection xmlns:xsi="http://www.w3.org/2001/XMLSchema-instance" xsi:schemaLocation="http://www.loc.gov/MARC21/slim http://www.loc.gov/standards/marcxml/schema/MARC21slim.xsd" xmlns="http://www.loc.gov/MARC21/slim">
<record>
  <leader>01686cam a2200313Ma 4500</leader>
  <controlfield tag="001">3071776</controlfield>
  <controlfield tag="003">NNC</controlfield>
  <controlfield tag="005">20140502142043.0</controlfield>
  <controlfield tag="008">890925q18861887ua            000 0 ara d</controlfield>
  <datafield tag="035" ind1=" " ind2=" ">
    <subfield code="9">ATP4780CU</subfield>
  </datafield>
  <datafield tag="035" ind1=" " ind2=" ">
    <subfield code="a">(OCoLC)ocn427384167</subfield>
  </datafield>
  <datafield tag="040" ind1=" " ind2=" ">
    <subfield code="a">LGG</subfield>
    <subfield code="b">eng</subfield>
    <subfield code="c">LGG</subfield>
    <subfield code="d">OCLCQ</subfield>
    <subfield code="d">OCLCO</subfield>
    <subfield code="d">OCLCQ</subfield>
  </datafield>
  <datafield tag="035" ind1=" " ind2=" ">
    <subfield code="a">(OCoLC)427384167</subfield>
  </datafield>
  <datafield tag="050" ind1=" " ind2="4">
    <subfield code="a">BP166</subfield>
    <subfield code="b">.S55 1886</subfield>
  </datafield>
  <datafield tag="049" ind1=" " ind2=" ">
    <subfield code="a">ZCUA</subfield>
  </datafield>
  <datafield tag="100" ind1="1" ind2=" ">
    <subfield code="a">Sijilmāsī, Aḥmad ibn al-Mubārak,</subfield>
    <subfield code="d">-1743.</subfield>
  </datafield>
  <datafield tag="245" ind1="1" ind2="3">
    <subfield code="a">al-Ibrīz /</subfield>
    <subfield code="c">alladhī talaqqāhu Aḥmad ibn al-Mubārak ʻan ʻAbd al-ʻAzīz al-Dabbāgh ; wa-bi-hāmishihi kitābān : awwaluhumā kitāb Durar al-ghawwāṣ ʻalaʼ fatāwá Sayyidī ʻAlī al-Khawwāṣ ; wa-thānīyuhumā kitāb al-Jawāhir wa-al-durar wa-mimmā istifādat ʻAbd al-Wahhāb al-Shaʻrānī min ʻAlī al-Khawwāṣ ayḍan ; wa-kullāhuma li-ʻAbd al-Wahhāb al- Shaʻrānī.</subfield>
  </datafield>
  <datafield tag="260" ind1=" " ind2=" ">
    <subfield code="a">Miṣr :</subfield>
    <subfield code="b">[publisher not identified],</subfield>
    <subfield code="c">[1304, 1886 or 1887]</subfield>
  </datafield>
  <datafield tag="300" ind1=" " ind2=" ">
    <subfield code="a">336 pages</subfield>
  </datafield>
  <datafield tag="336" ind1=" " ind2=" ">
    <subfield code="a">text</subfield>
    <subfield code="b">txt</subfield>
    <subfield code="2">rdacontent</subfield>
  </datafield>
  <datafield tag="337" ind1=" " ind2=" ">
    <subfield code="a">unmediated</subfield>
    <subfield code="b">n</subfield>
    <subfield code="2">rdamedia</subfield>
  </datafield>
  <datafield tag="338" ind1=" " ind2=" ">
    <subfield code="a">volume</subfield>
    <subfield code="b">nc</subfield>
    <subfield code="2">rdacarrier</subfield>
  </datafield>
  <datafield tag="600" ind1="1" ind2="0">
    <subfield code="a">Dabbāgh, ʻAbd al-ʻAzīz ibn Masʻūd,</subfield>
    <subfield code="d">1679 or 1680-1719 or 1720</subfield>
    <subfield code="x">Theology.</subfield>
  </datafield>
  <datafield tag="600" ind1="1" ind2="0">
    <subfield code="a">Khawwāṣ, ʻAlī,</subfield>
    <subfield code="d">active 16th century</subfield>
    <subfield code="x">Theology.</subfield>
  </datafield>
  <datafield tag="650" ind1=" " ind2="0">
    <subfield code="a">Islam</subfield>
    <subfield code="x">Quotations, maxims, etc.</subfield>
  </datafield>
  <datafield tag="700" ind1="1" ind2=" ">
    <subfield code="a">Dabbāgh, ʻAbd al-ʻAzīz ibn Masʻūd,</subfield>
    <subfield code="d">1679 or 1680-1719 or 1720.</subfield>
  </datafield>
  <datafield tag="700" ind1="1" ind2="2">
    <subfield code="a">Shaʻrānī, ʻAbd al-Wahhāb ibn Aḥmad,</subfield>
    <subfield code="d">1493 (ca.)-1565 or 1566.</subfield>
    <subfield code="t">Durar al-ghawwāṣ ʻalá fatāwá Sayyidī ʻAlī al-Khawwāṣ.</subfield>
  </datafield>
  <datafield tag="700" ind1="1" ind2="2">
    <subfield code="a">Shaʻrānī, ʻAbd al-Wahhāb ibn Aḥmad,</subfield>
    <subfield code="d">1493 (ca.)-1565 or 1566.</subfield>
    <subfield code="t">Jawāhir wa-al-durar.</subfield>
  </datafield>
  <datafield tag="955" ind1=" " ind2=" ">
    <subfield code="b">CU58874410</subfield>
    <subfield code="d">off,glx</subfield>
    <subfield code="e">893.7Ib532 R73</subfield>
  </datafield>
</record>
</collection>